<?xml version="1.0" encoding="UTF-8"?><collection xmlns="http://www.loc.gov/MARC21/slim"><record><leader>00572nam--2200169-u-4500</leader><controlfield tag="001">000055569</controlfield><controlfield tag="002">20161230</controlfield><controlfield tag="005">20161230201052</controlfield><controlfield tag="008">130226s1000------------r-----000-0-eng-d</controlfield><datafield ind1=" " ind2=" " tag="040"><subfield code="a">IFIN-HH</subfield></datafield><datafield ind1=" " ind2=" " tag="080"><subfield code="a">413.232</subfield></datafield><datafield ind1="1" ind2=" " tag="110"><subfield code="a">Institut Fur Energetik</subfield></datafield><datafield ind1="1" ind2="0" tag="245"><subfield code="a">Osnovni poniatia v energetikata</subfield><subfield code="b">Osnovni poniatia po iadreni energiini instalatii - osnovno i spomagatelno sborudvane, vkliucitelno i gorivno stopanstvo iv/3</subfield></datafield><datafield ind1=" " ind2=" " tag="260"><subfield code="a">Leipzig</subfield><subfield code="b">Veb Deutscher Verlag Fur Grundstoffindustrie</subfield><subfield code="c">1975</subfield></datafield><datafield ind1=" " ind2=" " tag="300"><subfield code="a">185P</subfield></datafield><datafield ind1=" " ind2=" " tag="852"><subfield code="a">D.539</subfield><subfield code="c">SLT</subfield></datafield><datafield ind1=" " ind2=" " tag="CAT"><subfield code="a">Sys</subfield><subfield code="c">20130226</subfield><subfield code="h">170108</subfield></datafield></record></collection>